@article{anwar2020image,
  title={Image colorization: A survey and dataset},
  author={Anwar, Saeed and Tahir, Muhammad and Li, Chongyi and Mian, Ajmal and Khan, Fahad Shahbaz and Muzaffar, Abdul Wahab},
  journal={arXiv preprint arXiv:2008.10774},
  year={2020}
}

@article{2020SCGAN,
  title={SCGAN: Saliency Map-guided Colorization with Generative Adversarial Network},
  author={ Zhao, Y.  and  Po, L. M.  and  Cheung, K. W.  and  Yu, W. Y.  and  Rehman, Yau },
  year={2020},
}
@inproceedings{jin2021focusing,
  title={Focusing on Persons: Colorizing Old Images Learning from Modern Historical Movies},
  author={Jin, Xin and Li, Zhonglan and Liu, Ke and Zou, Dongqing and Li, Xiaodong and Zhu, Xingfan and Zhou, Ziyin and Sun, Qilong and Liu, Qingyu},
  booktitle={Proceedings of the 29th ACM International Conference on Multimedia},
  pages={1176--1184},
  year={2021}
}

@inproceedings{kim2021deep,
  title={Deep Edge-Aware Interactive Colorization against Color-Bleeding Effects},
  author={Kim, Eungyeup and Lee, Sanghyeon and Park, Jeonghoon and Choi, Somi and Seo, Choonghyun and Choo, Jaegul},
  booktitle={Proceedings of the IEEE/CVF International Conference on Computer Vision},
  pages={14667--14676},
  year={2021}
}

@article{2019ChromaGAN,
  title={ChromaGAN: Adversarial Picture Colorization with Semantic Class Distribution},
  author={ Vitoria, P.  and  Raad, L.  and  Ballester, C. },
  year={2019},
}

@inproceedings{2020Instance,
  title={Instance-aware Image Colorization},
  author={ Su, J. W.  and  Chu, H. K.  and  Huang, J. B. },
  booktitle={2020 IEEE/CVF Conference on Computer Vision and Pattern Recognition (CVPR)},
  year={2020},
}

@article{qu-2006-manga,
    author   = {Yingge Qu and Tien-Tsin Wong and Pheng-Ann Heng},
    title    = {Manga Colorization},
    journal  = {ACM Transactions on Graphics
               (SIGGRAPH 2006 issue)},
    month    = {July},
    year     = {2006},
    volume   = {25},
    number   = {3},
    pages    = {1214-1220},
}

@inproceedings{sykora2009lazybrush,
  title={Lazybrush: Flexible painting tool for hand-drawn cartoons},
  author={S{\`y}kora, Daniel and Dingliana, John and Collins, Steven},
  booktitle={Computer Graphics Forum},
  volume={28},
  number={2},
  pages={599--608},
  year={2009},
  organization={Wiley Online Library}
}

@inproceedings{sangkloy2017scribbler,
  title={Scribbler: Controlling deep image synthesis with sketch and color},
  author={Sangkloy, Patsorn and Lu, Jingwan and Fang, Chen and Yu, Fisher and Hays, James},
  booktitle={Proceedings of the IEEE Conference on Computer Vision and Pattern Recognition},
  pages={5400--5409},
  year={2017}
}

@inproceedings{zhang2017style,
  title={Style transfer for anime sketches with enhanced residual u-net and auxiliary classifier gan},
  author={Zhang, Lvmin and Ji, Yi and Lin, Xin and Liu, Chunping},
  booktitle={2017 4th IAPR Asian Conference on Pattern Recognition (ACPR)},
  pages={506--511},
  year={2017},
  organization={IEEE}
}

@inproceedings{chen2018language,
  title={Language-based image editing with recurrent attentive models},
  author={Chen, Jianbo and Shen, Yelong and Gao, Jianfeng and Liu, Jingjing and Liu, Xiaodong},
  booktitle={Proceedings of the IEEE Conference on Computer Vision and Pattern Recognition},
  pages={8721--8729},
  year={2018}
}

@article{simonyan2014very,
  title={Very deep convolutional networks for large-scale image recognition},
  author={Simonyan, Karen and Zisserman, Andrew},
  journal={arXiv preprint arXiv:1409.1556},
  year={2014}
}

@inproceedings{isola2017image,
  title={Image-to-image translation with conditional adversarial networks},
  author={Isola, Phillip and Zhu, Jun-Yan and Zhou, Tinghui and Efros, Alexei A},
  booktitle={Proceedings of the IEEE conference on computer vision and pattern recognition},
  pages={1125--1134},
  year={2017}
}

@inproceedings{chen2016infogan,
  title={Infogan: Interpretable representation learning by information maximizing generative adversarial nets},
  author={Chen, Xi and Duan, Yan and Houthooft, Rein and Schulman, John and Sutskever, Ilya and Abbeel, Pieter},
  booktitle={Proceedings of the 30th International Conference on Neural Information Processing Systems},
  pages={2180--2188},
  year={2016}
}

@article{zhang2017real,
  title={Real-time user-guided image colorization with learned deep priors},
  author={Zhang, Richard and Zhu, Jun-Yan and Isola, Phillip and Geng, Xinyang and Lin, Angela S and Yu, Tianhe and Efros, Alexei A},
  journal={arXiv preprint arXiv:1705.02999},
  year={2017}
}

@inproceedings{wu2021towards,
  title={Towards Vivid and Diverse Image Colorization with Generative Color Prior},
  author={Wu, Yanze and Wang, Xintao and Li, Yu and Zhang, Honglun and Zhao, Xun and Shan, Ying},
  booktitle={Proceedings of the IEEE/CVF International Conference on Computer Vision},
  pages={14377--14386},
  year={2021}
}

@misc{2019deoldify,
  author={Jason Antic},
  title={DeOldify},
  year={2019},
  url={https://github.com/jantic/DeOldify},
}